
@conference{chen2019enfuzz,
  title={{EnFuzz}: ensemble fuzzing with seed synchronization among diverse fuzzers},
  author={Chen, Yuanliang and Jiang, Yu and Ma, Fuchen and Liang, Jie and Wang, Mingzhe and Zhou, Chijin and Jiao, Xun and Su, Zhuo},
  booktitle={28th USENIX Security Symposium},
  pages={1967--1983},
  year={2019}
}

@inproceedings{yun2018qsym,
  title={{QSYM}: A practical concolic execution engine tailored for hybrid fuzzing},
  author={Yun, Insu and Lee, Sangho and Xu, Meng and Jang, Yeongjin and Kim, Taesoo},
  booktitle={27th USENIX Security Symposium},
  pages={745--761},
  year={2018}
}

@inproceedings{osterlund2021collabfuzz,
  title={Collabfuzz: A framework for collaborative fuzzing},
  author={{\"O}sterlund, Sebastian and Geretto, Elia and Jemmett, Andrea and G{\"u}ler, Emre and G{\"o}rz, Philipp and Holz, Thorsten and Giuffrida, Cristiano and Bos, Herbert},
  booktitle={14th European Workshop on Systems Security},
  pages={1--7},
  year={2021}
}

@inproceedings{chen2018angora,
  title={Angora: Efficient fuzzing by principled search},
  author={Chen, Peng and Chen, Hao},
  booktitle={IEEE Symposium on Security and Privacy},
  pages={711--725},
  year={2018},
  organization={IEEE}
}

@inproceedings{lemieux2018fairfuzz,
  title={Fairfuzz: A targeted mutation strategy for increasing greybox fuzz testing coverage},
  author={Lemieux, Caroline and Sen, Koushik},
  booktitle={33rd ACM/IEEE International Conference on Automated Software Engineering},
  pages={475--485},
  year={2018}
}

@inproceedings{lyu2019mopt,
  title={{MOPT}: Optimized Mutation Scheduling for Fuzzers},
  author={Lyu, Chenyang and Ji, Shouling and Zhang, Chao and Li, Yuwei and Lee, Wei-Han and Song, Yu and Beyah, Raheem},
  booktitle={28th USENIX Security Symposium},
  pages={1949--1966},
  year={2019}
}

@article{bohme2017coverage,
  title={Coverage-Based Greybox Fuzzing as Markov Chain},
  author={B{\"o}hme, Marcel and Pham, Van-Thuan and Roychoudhury, Abhik},
  journal={IEEE Transactions on Software Engineering},
  volume={45},
  number={5},
  pages={489--506},
  year={2017},
  publisher={IEEE}
}

@inproceedings{gan2018collafl,
  title={Collafl: Path sensitive fuzzing},
  author={Gan, Shuitao and Zhang, Chao and Qin, Xiaojun and Tu, Xuwen and Li, Kang and Pei, Zhongyu and Chen, Zuoning},
  booktitle={IEEE Symposium on Security and Privacy},
  pages={679--696},
  year={2018},
  organization={IEEE}
}

@inproceedings{liang2018pafl,
  title={Pafl: extend fuzzing optimizations of single mode to industrial parallel mode},
  author={Liang, Jie and Jiang, Yu and Chen, Yuanliang and Wang, Mingzhe and Zhou, Chijin and Sun, Jiaguang},
  booktitle={26th ACM Joint Meeting on European Software Engineering Conference and Symposium on the Foundations of Software Engineering},
  pages={809--814},
  year={2018}
}

@inproceedings{wang2021facilitating,
  title={Facilitating parallel fuzzing with mutually-exclusive task distribution},
  author={Wang, Yifan and Zhang, Yuchen and Pang, Chenbin and Li, Peng and Triandopoulos, Nikolaos and Xu, Jun},
  booktitle={Security and Privacy in Communication Networks},
  pages={185--206},
  year={2021},
  organization={Springer}
}

@inproceedings{li2021unifuzz,
  title={{UNIFUZZ}: A Holistic and Pragmatic Metrics-Driven Platform for Evaluating Fuzzers},
  author={Li, Yuwei and Ji, Shouling and Chen, Yuan and Liang, Sizhuang and Lee, Wei-Han and Chen, Yueyao and Lyu, Chenyang and Wu, Chunming and Beyah, Raheem and Cheng, Peng and others},
  booktitle={30th USENIX Security Symposium},
  pages={2777--2794},
  year={2021}
}

@article{zhou2022ultrafuzz,
  title={{UltraFuzz}: Towards Resource-saving in Distributed Fuzzing},
  author={Zhou, Xu and Wang, Pengfei and Liu, Chenyifan and Yue, Tai and Liu, Yingying and Song, Congxi and Lu, Kai and Yin, Qidi and Han, Xu},
  journal={IEEE Transactions on Software Engineering},
  number={01},
  pages={1--22},
  year={2022},
  publisher={IEEE Computer Society}
}

@inproceedings{pham2021towards,
  title={Towards systematic and dynamic task allocation for collaborative parallel fuzzing},
  author={Pham, Van-Thuan and Nguyen, Manh-Dung and Ta, Quang-Trung and Murray, Toby and Rubinstein, Benjamin IP},
  booktitle={36th IEEE/ACM International Conference on Automated Software Engineering},
  pages={1337--1341},
  year={2021},
  organization={IEEE}
}

@article{miller1990empirical,
  title={An empirical study of the reliability of UNIX utilities},
  author={Miller, Barton P and Fredriksen, Lars and So, Bryan},
  journal={Communications of the ACM},
  volume={33},
  number={12},
  pages={32--44},
  year={1990},
  publisher={ACM New York, NY, USA}
}

@inproceedings{jackson2000software,
  title={Software analysis: A roadmap},
  author={Jackson, Daniel and Rinard, Martin},
  booktitle={Conference on the Future of Software Engineering},
  pages={133--145},
  year={2000}
}

@inproceedings{li2018large,
  title={A large-scale parallel fuzzing system},
  author={Li, Yang and Feng, Chao and Tang, Chaojing},
  booktitle={2nd International Conference on Advances in Image Processing},
  pages={194--197},
  year={2018}
}

@inproceedings{serebryany2017oss,
  title={{OSS-Fuzz-Google's} continuous fuzzing service for open source software},
  author={Serebryany, Kostya},
  booktitle={26th USENIX Security Symposium},
  year={2017},
  organization={USENIX Association}
}

@article{oehlert2005violating,
  title={Violating assumptions with fuzzing},
  author={Oehlert, Peter},
  journal={IEEE Security \& Privacy},
  volume={3},
  number={2},
  pages={58--62},
  year={2005},
  publisher={IEEE}
}

@techreport{miller1995fuzz,
  title={Fuzz revisited: A re-examination of the reliability of UNIX utilities and services},
  author={Miller, Barton P and Koski, David and Lee, Cjin Pheow and Maganty, Vivekandanda and Murthy, Ravi and Natarajan, Ajitkumar and Steidl, Jeff},
  date={1995},
  year={1995},
  institution={University of Wisconsin-Madison Department of Computer Sciences}
}

@inproceedings{miller2006empirical,
  title={An empirical study of the robustness of macos applications using random testing},
  author={Miller, Barton P and Cooksey, Gregory and Moore, Fredrick},
  booktitle={1st international workshop on Random Testing},
  pages={46--54},
  year={2006}
}

@inproceedings{miller2006empirical2,
  title={An empirical study of the robustness of macos applications using random testing},
  author={Miller, Barton P and Cooksey, Gregory and Moore, Fredrick},
  booktitle={1st international workshop on Random Testing},
  pages={46--54},
  year={2006}
}

@article{bohme2021fuzzing,
  title={Fuzzing: Challenges and Reflections},
  author={B{\"o}hme, Marcel and Cadar, Cristian and Roychoudhury, Abhik},
  journal={IEEE Software},
  volume={38},
  number={3},
  pages={79--86},
  year={2021}
}

@inproceedings{wang2020not,
  title={Not All Coverage Measurements Are Equal: Fuzzing by Coverage Accounting for Input Prioritization},
  author={Wang, Yanhao and Jia, Xiangkun and Liu, Yuwei and Zeng, Kyle and Bao, Tiffany and Wu, Dinghao and Su, Purui},
  booktitle={Network and Distributed System Security Symposium},
  pages={1--17},
  year={2020}
}

@inproceedings{rebert2014optimizing,
  title={Optimizing seed selection for fuzzing},
  author={Rebert, Alexandre and Cha, Sang Kil and Avgerinos, Thanassis and Foote, Jonathan and Warren, David and Grieco, Gustavo and Brumley, David},
  booktitle={23rd USENIX Security Symposium},
  pages={861--875},
  year={2014}
}

@inproceedings{yue2020ecofuzz,
  title={Ecofuzz: Adaptive energy-saving greybox fuzzing as a variant of the adversarial multi-armed bandit},
  author={Yue, Tai and Wang, Pengfei and Tang, Yong and Wang, Enze and Yu, Bo and Lu, Kai and Zhou, Xu},
  booktitle={29th USENIX Security Symposium},
  pages={2307--2324},
  year={2020}
}

@inproceedings{chen2020savior,
  title={Savior: Towards bug-driven hybrid testing},
  author={Chen, Yaohui and Li, Peng and Xu, Jun and Guo, Shengjian and Zhou, Rundong and Zhang, Yulong and Wei, Tao and Lu, Long},
  booktitle={IEEE Symposium on Security and Privacy},
  pages={1580--1596},
  year={2020},
  organization={IEEE}
}

@inproceedings{nagy2019full,
  title={Full-speed fuzzing: Reducing fuzzing overhead through coverage-guided tracing},
  author={Nagy, Stefan and Hicks, Matthew},
  booktitle={IEEE Symposium on Security and Privacy},
  pages={787--802},
  year={2019},
  organization={IEEE}
}

@inproceedings{pacheco2007feedback,
  title={Feedback-directed random test generation},
  author={Pacheco, Carlos and Lahiri, Shuvendu K and Ernst, Michael D and Ball, Thomas},
  booktitle={29th International Conference on Software Engineering},
  pages={75--84},
  year={2007},
  organization={IEEE}
}

@inproceedings{xu2020krace,
  title={Krace: Data race fuzzing for kernel file systems},
  author={Xu, Meng and Kashyap, Sanidhya and Zhao, Hanqing and Kim, Taesoo},
  booktitle={IEEE Symposium on Security and Privacy},
  pages={1643--1660},
  year={2020},
  organization={IEEE}
}

@inproceedings{pei2017deepxplore,
  title={Deepxplore: Automated whitebox testing of deep learning systems},
  author={Pei, Kexin and Cao, Yinzhi and Yang, Junfeng and Jana, Suman},
  booktitle={26th Symposium on Operating Systems Principles},
  pages={1--18},
  year={2017}
}

@inproceedings{aafer2021android,
  title={Android SmartTVs Vulnerability Discovery via Log-Guided Fuzzing},
  author={Aafer, Yousra and You, Wei and Sun, Yi and Shi, Yu and Zhang, Xiangyu and Yin, Heng},
  booktitle={28th USENIX Security Symposium},
  pages={2759--2776},
  year={2021}
}

@article{li2022snpsfuzzer,
  title={{SNPSFuzzer}: A Fast Greybox Fuzzer for Stateful Network Protocols using Snapshots},
  author={Li, Junqiang and Li, Senyi and Sun, Gang and Chen, Ting and Yu, Hongfang},
  journal={IEEE Transactions on Information Forensics and Security},
  volume={17},
  pages={2673--2687},
  year={2022},
  publisher={IEEE}
}

@inproceedings{chen2019learning,
  title={Learning-guided network fuzzing for testing cyber-physical system defences},
  author={Chen, Yuqi and Poskitt, Christopher M and Sun, Jun and Adepu, Sridhar and Zhang, Fan},
  booktitle={34th IEEE/ACM International Conference on Automated Software Engineering},
  pages={962--973},
  year={2019},
  organization={IEEE}
}

@inproceedings{song2019sok,
  title={{SoK}: Sanitizing for security},
  author={Song, Dokyung and Lettner, Julian and Rajasekaran, Prabhu and Na, Yeoul and Volckaert, Stijn and Larsen, Per and Franz, Michael},
  booktitle={IEEE Symposium on Security and Privacy},
  pages={1275--1295},
  year={2019},
  organization={IEEE}
}

@inproceedings{oleksenko2020specfuzz,
  title={{SpecFuzz}: Bringing Spectre-type vulnerabilities to the surface},
  author={Oleksenko, Oleksii and Trach, Bohdan and Silberstein, Mark and Fetzer, Christof},
  booktitle={29th USENIX Security Symposium},
  pages={1481--1498},
  year={2020}
}

@inproceedings{brennan2020jvm,
  title={Jvm fuzzing for jit-induced side-channel detection},
  author={Brennan, Tegan and Saha, Seemanta and Bultan, Tevfik},
  booktitle={42nd International Conference on Software Engineering},
  pages={1011--1023},
  year={2020}
}

@inproceedings{molnar2009dynamic,
  title={Dynamic Test Generation to Find Integer Bugs in x86 Binary Linux Programs},
  author={Molnar, David and Li, Xue Cong and Wagner, David A},
  booktitle={18th USENIX Security Symposium},
  volume={9},
  pages={67--82},
  year={2009}
}

@inproceedings{petsios2017slowfuzz,
  title={Slowfuzz: Automated domain-independent detection of algorithmic complexity vulnerabilities},
  author={Petsios, Theofilos and Zhao, Jason and Keromytis, Angelos D and Jana, Suman},
  booktitle={ACM SIGSAC Conference on Computer and Communications Security},
  pages={2155--2168},
  year={2017}
}

@inproceedings{wen2020memlock,
  title={Memlock: Memory usage guided fuzzing},
  author={Wen, Cheng and Wang, Haijun and Li, Yuekang and Qin, Shengchao and Liu, Yang and Xu, Zhiwu and Chen, Hongxu and Xie, Xiaofei and Pu, Geguang and Liu, Ting},
  booktitle={42nd International Conference on Software Engineering},
  pages={765--777},
  year={2020}
}

@inproceedings{klees2018evaluating,
  title={Evaluating fuzz testing},
  author={Klees, George and Ruef, Andrew and Cooper, Benji and Wei, Shiyi and Hicks, Michael},
  booktitle={ACM SIGSAC Conference on Computer and Communications Security},
  pages={2123--2138},
  year={2018}
}

@inproceedings{gopinath2014code,
  title={Code coverage for suite evaluation by developers},
  author={Gopinath, Rahul and Jensen, Carlos and Groce, Alex},
  booktitle={36th International Conference on Software Engineering},
  pages={72--82},
  year={2014}
}

@inproceedings{rawat2017vuzzer,
  title={Vuzzer: Application-aware evolutionary fuzzing},
  author={Rawat, Sanjay and Jain, Vivek and Kumar, Ashish and Cojocar, Lucian and Giuffrida, Cristiano and Bos, Herbert},
  booktitle={Network and Distributed System Security Symposium},
  volume={17},
  pages={1--14},
  year={2017}
}

@inproceedings{godefroid2017learn,
  title={Learn\&fuzz: Machine learning for input fuzzing},
  author={Godefroid, Patrice and Peleg, Hila and Singh, Rishabh},
  booktitle={32nd IEEE/ACM International Conference on Automated Software Engineering},
  pages={50--59},
  year={2017},
  organization={IEEE}
}

@inproceedings{wang2017skyfire,
  author={Wang, Junjie and Chen, Bihuan and Wei, Lei and Liu, Yang},
  booktitle={IEEE Symposium on Security and Privacy}, 
  title={Skyfire: Data-Driven Seed Generation for Fuzzing}, 
  year={2017},
  pages={579-594}
}

@inproceedings{min2016understanding,
  title={Understanding manycore scalability of file systems},
  author={Min, Changwoo and Kashyap, Sanidhya and Maass, Steffen and Kim, Taesoo},
  booktitle={USENIX Annual Technical Conference},
  pages={71--85},
  year={2016}
}

@article{chelkowski2021free,
  title={Free and Open Source Software organizations: A large-scale analysis of code, comments, and commits frequency},
  author={Che{\l}kowski, Tadeusz and Jemielniak, Dariusz and Macikowski, Kacper},
  journal={PloS One},
  volume={16},
  number={9},
  pages={e0257192},
  year={2021},
  publisher={Public Library of Science San Francisco, CA USA}
}

@inproceedings{kivity2007kvm,
  title={kvm: the Linux virtual machine monitor},
  author={Kivity, Avi and Kamay, Yaniv and Laor, Dor and Lublin, Uri and Liguori, Anthony},
  booktitle={Linux symposium},
  volume={1},
  number={8},
  pages={225--230},
  year={2007},
  organization={Dttawa, Dntorio, Canada}
}

@inproceedings{CalFuzzer,
  title={{CalFuzzer}: An extensible active testing framework for concurrent programs},
  author={Joshi P, Naik M, Park C S},
  booktitle={Computer Aided Verification: 21st International Conference},
  pages={675--681},
  year={2009},
  organization={Dttawa, Dntorio, Canada}
}

@digital{afl2015,
  author = {Michal Zalewski},
  title = {American fuzzy lop},
  type = {EB/OL},
  date = {2021-01-31},
  url = {http://lcamtuf.coredump.cx/afl/}
}

@digital{chrome2021,
  author = {Synopsys},
  title = {The Chromium (Google Chrome) Open Source Project on Open Hub: Languages Page},
  type = {EB/OL},
  date = {2020-12-03},
  url = {https://www.openhub.net/p/chrome/analyses/latest/languages_summary}
}
% todo date

@digital{libfuzz_todo,
  author = {Sergey Shevchenko},
  title = {libFuzzer – a library for coverage-guided fuzz testing},
  type = {EB/OL},
  date = {2023-03-13},
  url = {https://llvm.org/docs/LibFuzzer.html}
}

@digital{peach_todo,
  author = {Michael Eddington},
  title = {Peach Fuzzer},
  type = {EB/OL},
  date = {2021-03-30},
  url = {https://peachtech.gitlab.io/peach-fuzzer-community/}
}

%todo

@digital{gdb,
  author = {Jonathan Foote},
  title = {The exploitable {GDB} plugin},
  type = {EB/OL},
  date = {2020-11-09},
  url = {https://github.com/jfoote/exploitable}
}

@digital{cwe25,
  author = {MITRE},
  title = {2020 {CWE} Top 25 Most Dangerous Software Weaknesses},
  type = {EB/OL},
  date = {2021-07-22},
  url = {https://cwe.mitre.org/top25/archive/2020/2020_cwe_top25.html}
}

@digital{cov,
  author = {James Fell},
  title = {A Review of Fuzzing Tools and Methods},
  type = {EB/OL},
  date = {2017-03-10},
  url = {https://dl.packetstormsecurity.net/papers/general/a-review-of-fuzzing-tools-and-methods.pdf}
}

%todo date
@digital{honggfuzz,
  author = {Google},
  title = {Honggfuzz | honggfuzz},
  type = {EB/OL},
  date = {2023-03-10},
  url = {https://honggfuzz.dev/}
}

@digital{asan,
  author = {Google},
  title = {{AddressSanitizer} Wiki},
  type = {EB/OL},
  date = {2019-05-15},
  url = {https://github.com/google/sanitizers/wiki/AddressSanitizer}
}

@digital{CharlieMiller,
  author = {Charlie Miller},
  title = {Fuzz By Number More Data About Fuzzing Than You Ever Wanted To Know},
  type = {EB/OL},
  date = {2008-03-28},
  url = {https://www.ise.io/wp-content/uploads/2019/11/cmiller_cansecwest2008.pdf}
}

@inproceedings{sun2021healer,
  title={{HEALER}: Relation learning guided kernel fuzzing},
  author={Sun, Hao and Shen, Yuheng and Wang, Cong and Liu, Jianzhong and Jiang, Yu and Chen, Ting and Cui, Aiguo},
  booktitle={ACM SIGOPS 28th Symposium on Operating Systems Principles},
  pages={344--358},
  year={2021}
}

@inproceedings{kim2022fuzzorigin,
  title={{FuzzOrigin}: Detecting {UXSS} vulnerabilities in Browsers through Origin Fuzzing},
  author={Kim, Sunwoo and Kim, Young Min and Hur, Jaewon and Song, Suhwan and Lee, Gwangmu and Lee, Byoungyoung},
  booktitle={31st USENIX Security Symposium},
  pages={1008--1023},
  year={2022}
}

@inproceedings{snapfuzz,
  author = {Andronidis, Anastasios and Cadar, Cristian},
  title = {{SnapFuzz}: High-Throughput Fuzzing of Network Applications},
  year = {2022},
  booktitle = {31st ACM SIGSOFT International Symposium on Software Testing and Analysis},
  pages = {340--351}
}

@article{su2021fully,
  title={Fully automated functional fuzzing of Android apps for detecting non-crashing logic bugs},
  author={Su, Ting and Yan, Yichen and Wang, Jue and Sun, Jingling and Xiong, Yiheng and Pu, Geguang and Wang, Ke and Su, Zhendong},
  journal={Proceedings of the ACM on Programming Languages},
  volume={5},
  pages={1--31},
  year={2021},
  publisher={ACM New York, NY, USA}
}

@inproceedings{redini2021diane,
  title={Diane: Identifying fuzzing triggers in apps to generate under-constrained inputs for iot devices},
  author={Redini, Nilo and Continella, Andrea and Das, Dipanjan and De Pasquale, Giulio and Spahn, Noah and Machiry, Aravind and Bianchi, Antonio and Kruegel, Christopher and Vigna, Giovanni},
  booktitle={IEEE Symposium on Security and Privacy},
  pages={484--500},
  year={2021},
  organization={IEEE}
}



@digital{OSSfuzz,
	author = {Mike Aizatsky},
	title = {Announcing OSS-Fuzz: Continuous fuzzing for open source software},
	type = {EB/OL},
	date = {2016-12-01},
	url = {https://opensource.googleblog.com/2016/12/announcing-oss-fuzz-continuous-fuzzing.html}
}

@inproceedings{wu2022one,
	title={One fuzzing strategy to rule them all},
	author={Wu, Mingyuan and Jiang, Ling and Xiang, Jiahong and Huang, Yanwei and Cui, Heming and Zhang, Lingming and Zhang, Yuqun},
	booktitle={44th International Conference on Software Engineering},
	pages={1634--1645},
	year={2022}
}

@inproceedings{zhang2022path,
	title={Path transitions tell more: Optimizing fuzzing schedules via runtime program states},
	author={Zhang, Kunpeng and Xiao, Xi and Zhu, Xiaogang and Sun, Ruoxi and Xue, Minhui and Wen, Sheng},
	booktitle={44th International Conference on Software Engineering},
	pages={1658--1668},
	year={2022}
}

@inproceedings{she2022effective,
	title={Effective seed scheduling for fuzzing with graph centrality analysis},
	author={She, Dongdong and Shah, Abhishek and Jana, Suman},
	booktitle={IEEE Symposium on Security and Privacy},
	pages={2194--2211},
	year={2022},
	organization={IEEE}
}

@inproceedings{li2021protocol,
	title={Protocol Fuzzing With Specification Guided Message Generation},
	author={Li, Senyi and Li, Junqiang and Fu, Jingxuan and Xue, Mingwu and Yu, Hongfang and Sun, Gang},
	booktitle={2021 International Conference on UK-China Emerging Technologies (UCET)},
	pages={164--170},
	year={2021},
	organization={IEEE}
}

@digital{ref_cgroup,
  author = {Paul Menage},
  title = {Control Groups},
  type = {EB/OL},
  date = {2023-03-21},
  url = {https://docs.kernel.org/admin-guide/cgroup-v1/cgroups.html}
}